@misc{svm,
title={1.4. Support Vector Machines},
howpublished={\url{http://scikit-learn.org/stable/modules/svm.html}},
journal={1.4. Support Vector Machines - scikit-learn 0.19.1 documentation}}

@misc{kernel,
title={1.4. Support Vector Machines},
howpublished={\url{http://scikit-learn.org/stable/modules/svm.html#svm-kernels}},
journal={1.4. Support Vector Machines - scikit-learn 0.19.1 documentation}}

@misc{scikit, 
title={scikit-learn},
howpublished={\url{http://scikit-learn.org/stable/index.html}}, 
journal={scikit-learn: machine learning in Python - scikit-learn 0.19.1
documentation}}

@misc{fold,
title={sklearn.model\_selection.KFold},
howpublished={\url{http://scikit-learn.org/stable/modules/generated/sklearn.model\_selection.KFold.html}},
journal={sklearn.model\_selection.KFold - scikit-learn 0.19.1 documentation}}

@misc{split, 
title={sklearn.model\_selection.train\_test\_split},
howpublished={\url{http://scikit-learn.org/stable/modules/generated/sklearn.model\_selection.train\_test\_split.html}},
journal={sklearn.model\_selection.train\_test\_split - scikit-learn 0.19.1
documentation}}

@misc{tfidf, 
title={sklearn.feature\_extraction.text.TfidfVectorizer},
howpublished={\url{http://scikit-learn.org/stable/modules/generated/sklearn.feature\_extraction.text.TfidfVectorizer.html}},
journal={sklearn.feature\_extraction.text.TfidfVectorizer - scikit-learn 0.19.1
documentation}}

@misc{f1score,
title={sklearn.metrics.f1\_score},
howpublished={\url{http://scikit-learn.org/stable/modules/generated/sklearn.metrics.f1\_score.html}},
journal={sklearn.metrics.f1\_score - scikit-learn 0.19.1 documentation}}

